@book{liepmann,
author = {Liepmann, H.W. and Roshko, A.},
title = {Elements of Gasdynamics},
publisher = {Dover},
address = {New York},
year = 2001
}